

@VIDEO{bladeRunner,
	ENTRYSUBTYPE   = {film},
	AUTHOR         = {Scott, Ridley},
	AUTHOR+an:role = {1=director},
	TITLE          = {Blade Runner},
	DATE           = {1982},
	PUBLISHER      = {Warner Bros.}
}

@VIDEO{humans,
	ENTRYSUBTYPE    = {tvepisode},
	AUTHOR          = {Donovan, Samuel},
	AUTHOR+an:role  = {1=director},
	TITLE           = {Episode \#1.1 ({Season}~1, {Episode}~1)},
	MAINTITLE       = {Humans},
	EXECPRODUCER    = {Featherstone, Jane and Fry, Chris and Lundstr√∂m,Lars and Wax, Derek and Widman, Henrik},
	PUBLISHER       = {Kudos Film and Television},
	DATE            = {2015-06-28}
}